%% This BibTeX bibliography file was created using BibDesk.
%% http://bibdesk.sourceforge.net/


%% Created for Fabian Ru√ümann at 2012-12-06 23:36:33 +0100 


%% Saved with string encoding Unicode (UTF-8) 



@article{erdosrenyi,
	Author = {author},
	Date-Added = {2012-12-06 22:35:58 +0000},
	Date-Modified = {2012-12-06 22:36:30 +0000},
	Journal = {journal},
	Title = {yo}}
